@article{greenwade93,
    author  = "George D. Greenwade",
    title   = "The {C}omprehensive {T}ex {A}rchive {N}etwork ({CTAN})",
    year    = "1993",
    journal = "TUGBoat",
    volume  = "14",
    number  = "3",
    pages   = "342--351"
}
@inproceedings{yerlanova2021high,
    title={High performance computers: from parallel computing to quantum computers and biocomputers},
    author={Yerlanova, G and Serik, M and Kopyltsov, A},
    booktitle={Journal of Physics: Conference Series},
    volume={1889},
    number={3},
    pages={032032},
    year={2021},
    organization={IOP Publishing}
}
